3138 5018
535 91 557 140 [⁴
633 137 638 142 n

257 419 258 424 '
314 435 336 490 e
478 401 690 492 Perrexere
729 436 1022 498 rnrrosormtr
1064 439 1226 509 eiurat.
1305 523 1312 536 ἢ

1301 533 1307 567 l

418 604 471 677 Ut
486 628 577 678 vero
591 599 1019 702 primumdmtndum,
1036 633 1079 684 ac
1092 610 1248 686 tertium
1264 600 1404 710 asequi
1498 621 1508 632 '

308 699 447 804 ‘possem
479 708 608 780 omnia
630 708 671 779 in
696 707 855 789 dubium
870 725 1049 785 revocate
1063 715 1295 812 aggreditur,
1317 740 1403 788 nou

312 807 464 903 quidem
481 825 524 880 ut
537 809 725 904 Scepticus
732 862 745 900 ,
768 811 834 908 qui
848 807 915 884 fibi
929 815 1079 886 nullum
1096 815 1215 888 alium
1228 809 1404 914 praefigit

222 945 225 952 v
312 909 446 998 finem,
472 933 586 1005 quam
600 909 787 1003 dubitare,
830 913 893 986 sed
908 931 952 986 ttt
965 915 1137 988 animum
1153 914 1199 988 ab
1215 915 1401 988 'omnibus

197 1045 202 1056 ·
256 1079 260 1088 ,
312 1011 546 1106 praejudiciis
582 1011 771 1098 liberaret,
818 1027 893 1110 qud
926 1013 1079 1092 tandem
1117 1013 1260 1112 firma,¹
1289 1034 1402 1118 etque

312 1112 528 1194 inconcusse
545 1112 781 1212 scientiarum
797 1111 1061 1206 fundamenta,
1085 1137 1179 1213 quae
1191 1113 1265 1190 hcc
1283 1119 1400 1204 mede

311 1213 456 1315 ipsum,
491 1212 519 1286 sl
543 1239 638 1312 quae
662 1213 794 1306 essent,
821 1213 982 1318 effugere
1005 1233 1084 1290 nun
1103 1199 1268 1315 possent,
1293 1219 1402 1302 inve·

311 1315 424 1393 niret.
476 1321 570 1391 Vera
593 1317 693 1389 enim
718 1317 957 1392 scientiarum
978 1320 1164 1415 principie
1180 1319 1271 1392 adeo
1290 1323 1421 1408 clara„
1543 1331 1544 1334 ’

313 1421 379 1510 [²]
407 1443 449 1490 ac
470 1435 567 1490 certa
592 1405 659 1490 esse
685 1418 842 1502 debent,
872 1415 916 1492 tn
936 1422 1040 1492 nulla
1055 1421 1251 1520 indigeant
1265 1421 1401 1516 proba·⁴

289 1521 437 1606 dione,¹
466 1537 572 1592 extra
594 1543 747 1602 omnem
772 1517 1016 1602 dubitationis
1041 1523 1159 1602 aleam
1184 1517 1399 1617 fintpcfita,
1481 1519 1484 1524 ’

306 1639 351 1694 et
373 1621 447 1692 fine
467 1617 553 1716 ipsis
578 1623 674 1692 nihil
696 1614 940 1694 demonstrari
970 1617 1088 1720 possit.
1141 1625 1264 1719 Atque
1293 1623 1397 1711 haec,

78 1786 83 1808 ,
204 1807 217 1831 ι
270 1767 273 1776 ·
310 1719 394 1822 post
412 1726 566 1820 longam
581 1723 853 1796 dubitationem
879 1725 1023 1820 reperit.
1059 1719 1256 1820 Postquam
1270 1741 1400 1795 autent

310 1825 402 1896 hee'c
416 1825 599 1920 principia
621 1821 835 1913 invenisset,
868 1846 947 1898 non
964 1823 1033 1921 ipsi
1048 1823 1197 1898 difficile
1215 1819 1308 1914 suit,
1334 1848 1399 1898 ve-

221 1993 224 2000 .
308 1947 398 1998 rum
419 1923 544 1997 isalsc
565 1925 869 2022 dignoscere,'ac
892 1925 1035 1998 causam
1052 1927 1188 1998 erroris
1209 1923 1373 2024 detegere
1381 1950 1396 2008 3

311 2045 424 2122 atque
450 2027 547 2122 adeo·
562 2025 629 2097 fibi
646 2049 791 2116 cavere,
816 2051 865 2100 ne
878 2025 1020 2124 aliquid
1034 2022 1169 2099 salsum
1186 2041 1222 2099 et
1237 2023 1397 2112 dubium

310 2145 384 2230 pro
404 2153 493 2202 vero
510 2151 553 2200 ac
569 2141 669 2202 certo
687 2125 892 2205 assumeret.

415 2285 467 2350 Ut
498 2295 621 2354 autem
655 2295 828 2377 quartum
867 2297 904 2352 et
935 2277 1114 2354 ultimum
1145 2279 1213 2383 sibi
1246 2301 1397 2378 compa·
1504 2323 1506 2325 ·

283 2394 427 2469 reret,
465 2381 538 2452 hoc
561 2377 632 2470 esi,
667 2384 797 2467 omnia
824 2381 939 2486 plere,
977 2399 1014 2452 et
1029 2379 1199 2462 dislincte
1213 2385 1397 2482 intellige·

253 2477 262 2488 '
311 2497 388 2568 ret,
432 2483 627 2578 praecipua
658 2485 734 2574 ejus
760 2483 886 2582 regula
911 2481 1007 2572 suit,
1053 2507 1186 2558 omues
1215 2481 1395 2580 simplices

248 2578 277 2654 ’,
309 2580 430 2672 ideas,
478 2608 524 2654 ex
559 2585 695 2681 quibua
733 2585 896 2678 reliquae
934 2607 1066 2658 omncs
1101 2597 1396 2682 componuntur,

309 2705 548 2774 enumerare,
606 2710 648 2756 ac
691 2681 901 2780 quamlibet
941 2679 1132 2784 sigillatim
1172 2687 1396 2764 examinare.

310 2783 399 2862 Ubi,
419 2787 520 2858 enim
550 2783 732 2880 simplices
763 2787 864 2858 ideas
892 2785 1007 2875 clare,
1049 2805 1093 2882 et
1117 2787 1288 2860 distinete
1315 2813 1396 2897 per·

309 2886 430 2982 cipere
446 2885 586 2984 posset,
610 2887 688 2959 fine
706 2887 823 2960 dubio
848 2889 961 2960 etiarn
986 2912 1118 2962 omnes
1144 2889 1325 2984 reliquae,
1350 2912 1397 2958 err

195 2972 200 2996 ¹
311 2986 541 3084 simplicibue
587 2987 666 3060 illis
717 2987 913 3075 conflatas,
969 2985 1117 3073 eidem
1144 2991 1310 3063 claritate
1358 3005 1397 3059 et

311 3087 551 3164 distinctione
580 3089 814 3188 intelligeret.
873 3089 943 3160 His
973 3091 1025 3162 ite
1048 3087 1276 3190 praelibatis,
1314 3089 1396 3161 bre*
1511 3163 1519 3178 ,

309 3191 408 3284 viter
438 3191 728 3285 explicabimus,
777 3191 1125 3286 quomodo.omnia
1160 3194 1201 3260 in
1235 3189 1395 3262 dubium

307 3292 555 3378 revocaverit,
590 3310 676 3364 verat
708 3291 953 3364 scientiarum
984 3289 1167 3386 principia
1196 3293 1395 3381 invenerit,

308 3413 351 3464 tc
367 3393 403 3464 se
417 3418 462 3465 ex
479 3392 761 3464 dubitationum
787 3387 1070 3464 difficultatibus
1096 3391 1341 3467 extricaverit.

377 3560 543 3631 (natatorio
560 3558 594 3612 de
611 3561 761 3631 omnibus.)
813 3545 940 3617 Primo
964 3544 1089 3642 itaque
1111 3539 1179 3616 fibi
1194 3546 1242 3618 cb
1264 3546 1394 3619 oculos

109 3683 118 3704 κ
216 3649 219 3652 ’
267 3738 268 3743 ¹
304 3649 665 3747 ponitomniailla,
692 3643 997 3744 quaeasensibus
1020 3665 1224 3742 acceperat,
1260 3671 1395 3741 nempe

305 3751 476 3837 coelum,
505 3767 664 3838 tertam,
692 3769 729 3824 et
752 3747 904 3835 fimilia3
929 3765 1038 3842 atque
1062 3748 1173 3818 etiam
1192 3749 1295 3842 suum
1314 3773 1396 3820 cor·

304 3871 396 3948 pus:
425 3876 518 3948 quae
534 3854 662 3926 onmia
678 3853 838 3949 eousque
852 3851 895 3920 in
912 3871 1035 3920 reruni
1052 3850 1186 3920 nutarit
1202 3847 1269 3920 else
1285 3867 1397 3944 puta·

296 3971 421 4026 'verat
473 3961 526 4028 Ac
545 3954 750 4026 delictum
774 3948 998 4024 certitudine
1021 3947 1195 4040 dubitatp
1212 3951 1300 4045 quia
1317 3949 1395 4022 sen·

304 4054 368 4128 sue
397 4052 520 4150 ipsum
540 4055 732 4130 interdum
754 4047 923 4124 fefellisse
945 4049 1254 4146 deprehenderat,
1293 4070 1330 4123 et
1351 4054 1395 4123 in

306 4155 448 4238 somnis
473 4154 539 4228 fibi
562 4155 666 4252 saepe
687 4152 933 4252 persuaserat,
973 4154 1091 4224 multa
1116 4171 1219 4224 extra
1251 4153 1286 4224 se
1309 4177 1395 4226 vere

306 4253 476 4346 existere,
502 4257 545 4328 in
566 4257 703 4351 quibui
726 4253 870 4354 postea,
907 4251 944 4323 se
961 4251 1132 4348 delusum
1149 4251 1227 4342 else,
1248 4279 1394 4349 compe·

302 4375 424 4454 reret-3
450 4381 492 4434 ee
507 4357 775 4460 deniquequie
790 4355 885 4431 elice
902 4351 1015 4428 etiam
1032 4357 1230 4456 vigilantes
1248 4355 1396 4528 asser?

847 4479 852 4486 ·
1295 4480 1344 4530 att
1382 4491 1395 4512 ·
