3138 5018
507 306 831 448 Pffluoioufflsu
870 391 894 450 ‘2
1133 392 1219 454 ..ml

107 564 172 628 30.
196 550 285 626 fleg.
301 545 333 614 6.
356 545 390 608 st
408 555 522 629 corpus
540 543 563 606 A
581 539 743 625 quiescens
755 541 830 618 silet
844 535 1073 604 accunliffime
1088 543 1217 626 aequale
1262 524 1266 532 ’

214 649 343 730 corpori
365 647 393 710 Β
411 645 520 714 serlus
538 647 620 710 illud
637 659 749 727 meto.
770 645 887 726 purtim
905 645 944 706 ab
959 643 1026 730 ipio
1040 648 1220 736 impellere-*y
1247 711 1250 718 ,

209 767 281 824 tur,
311 754 429 834 partim
455 750 496 815 ab
521 745 589 833 ipio
613 745 648 809 in
679 749 869 810 contrariam
903 766 1025 834 partem
1056 750 1216 833 repelleri-

208 871 272 924 tur.
295 863 347 929 78.
677 855 680 863 ’

106 976 171 1044 3ι.
197 961 281 1039 llag.
297 972 330 1034 7.
353 957 386 1020 Si
411 957 438 1022 Β
462 956 540 1020 etd
569 949 678 1016 verius
698 945 833 1032 eundem
856 965 978 1038 partem
1001 948 1217 1023 moverentui,

208 1067 236 1127 Δ
258 1061 390 1145 quidem
414 1059 554 1130 tardius,
593 1057 620 1118 B
645 1055 755 1120 eutem
775 1057 857 1119 illud
878 1056 1048 1139 insequens
1071 1055 1221 1148 [celerius.

209 1167 252 1228 ita
281 1178 318 1225 ut
350 1161 456 1246 iplum
490 1163 620 1221 tandem
652 1161 839 1245 attingeret.
884 1157 1018 1242 ell'etque
1045 1157 1071 1220 A
1099 1158 1217 1237 majus.

210 1285 306 1350 quam
325 1265 368 1338 B,
393 1263 444 1326 led
458 1261 594 1326 excelsus
610 1263 778 1326 celeritatis
793 1265 828 1324 ln
842 1263 869 1326 Β
885 1263 958 1326 silet
973 1262 1094 1340 major.
1117 1279 1215 1342 quem

207 1365 344 1432 excelsus
371 1365 606 1450 magnitudinis
632 1366 668 1426 lu
690 1365 733 1438 A;
765 1377 837 1428 tum
859 1365 887 1428 B
907 1364 1072 1428 transferet
1088 1379 1215 1427 tautum

211 1477 252 1532 de
274 1469 330 1532 luo
356 1481 449 1534 mutu
474 1469 509 1529 iu
532 1473 575 1540 A,
605 1481 642 1529 ut
655 1467 752 1530 ambo
766 1467 872 1551 polles
887 1481 987 1552 aeque
1001 1465 1158 1540 clleriter,
1182 1480 1216 1528 et

107 1646 110 1654 ¹
211 1577 248 1639 in
270 1573 520 1664 ealdem'partes
544 1571 798 1654 progrediantur.
844 1571 879 1634 Si
901 1587 1008 1634 autem
1032 1586 1140 1635 contra
1164 1591 1204 1632 ex

208 1665 306 1740 celius
338 1672 574 1760 magnitudinis
605 1673 639 1732 ln
661 1673 688 1734 Δ
714 1669 788 1734 ellat
808 1676 927 1754 major,
955 1695 1053 1756 quarn
1077 1672 1215 1737 excellue

169 1799 175 1858 j
207 1778 371 1841 celeritatb
393 1779 428 1836 in
453 1775 497 1850 B;
527 1777 561 1838 in
586 1777 776 1860 contrariam
797 1789 919 1857 partem
939 1777 979 1862 ab
994 1777 1062 1861 ipio
1077 1776 1213 1840 reflecte·

207 1895 314 1951 retur,
344 1892 471 1940 motum
488 1898 616 1941 omnem
634 1876 727 1940 [uum
738 1876 921 1960 ¹retinendo.
955 1889 998 1955 78
1011 1869 1042 1942 'et
1056 1897 1107 1959 79.

11 1975 21 1990 ’
115 2001 176 2068 52.
200 1983 368 2064 stampas
392 1979 419 2041 Β
447 1985 661 2064 undequaque
683 1984 864 2066 cingatur:
889 1977 1082 2060 corpusculis
1106 1981 1220 2046 motis»

208 2082 315 2168 ipsum
331 2083 454 2165 aequali
471 2083 504 2145 vi
525 2079 633 2154 verius
650 2103 763 2175 omnes
777 2081 991 2166 partee'iimul
1006 2084 1212 2164 pellentibus,

208 2173 364 2272 quamdiu
379 2187 465 2249 nulla
476 2185 542 2248 alia
557 2185 647 2248 caula
663 2192 814 2258 occurrit,
837 2189 874 2248 in
890 2185 1004 2247 eodem
1016 2185 1086 2246 loco
1097 2185 1214 2251 immo·
1302 2197 1306 2208 '

207 2311 278 2356 tum
294 2289 443 2352 menebit.
469 2297 517 2362 8⁰·
697 2365 699 2372 y
1108 2297 1111 2304 ’

6 2409 7 2416 ’
115 2407 172 2478 33.
196 2393 322 2474 Corpus
346 2389 390 2461 B,
427 2388 560 2460 iisdem.
595 2403 631 2454 ut
665 2389 756 2476 supra
785 2389 910 2473 poids,
944 2391 979 2450 vi
1003 2379 1232 2471 quantumvis

211 2490 306 2574 parvi
333 2491 526 2568 adventitia,
553 2490 663 2555 verius
688 2482 914 2575 quamcunque
942 2505 1065 2574 purtem
1088 2491 1212 2554 moveri
1282 2550 1285 2558 ,
1358 2493 1362 2502 ’

147 2677 148 2684 ¹
209 2591 318 2678 potest.
341 2593 419 2658 ibid.

115 2707 175 2780 34.
199 2693 325 2776 Corpus
348 2693 392 2765 Β,
422 2691 532 2754 iildem
556 2671 664 2774 unitis
683 2709 721 2758 ut
744 2696 852 2780 lupia,
874 2714 941 2758 non
963 2695 1062 2779 potell
1079 2697 1212 2760 celerius
1338 2699 1342 2707 “

209 2795 355 2864 mbveri.
382 2813 479 2876 quant
505 2814 521 2853 a
548 2797 582 2858 vi
609 2795 736 2860 externi
765 2797 939 2880 impulsum
968 2797 1028 2868 eii.
1063 2801 1213 2879 quamvis

206 2899 398 2989 particulae,
429 2895 590 2978 aquibus
622 2899 778 2984 cingitur,
805 2901 900 2986 longe
931 2899 1065 2964 celerius
1083 2889 1212 2984 ,agitsn-
1291 2947 1293 2956 ,

158 3029 163 3036 ·
206 3015 271 3069 tur.
334 3047 343 3064 .

120 3115 175 3194 55.
195 3103 282 3170 Cum
293 3011 421 3188 ὃέοτρίις
444 3099 472 3165 Β
496 3099 538 3162 fic
560 3103 600 3166 ab
615 3115 746 3168 externo
763 3103 906 3185 impulsu
920 3121 1089 3180 movetur,
1110 3112 1212 3172 maxi·

151 3245 155 3254 ,
206 3229 294 3272 mam
311 3221 432 3288 partem
457 3205 504 3268 fui
530 3219 638 3268 mutue
660 3226 678 3268 a
701 3193 907 3290 corporibu‘s.
933 3230 950 3272 a
973 3212 1091 3291 qulbus
1114 3213 1214 3275 conti·
1346 3247 1349 3258 ‹

204 3331 272 3373 nuo
295 3310 452 3396 cingitur,
475 3308 609 3390 accipit.
630 3325 698 3370 non
714 3325 821 3372 autem
839 3329 857 3374 e
873 3311 908 3372 vi
926 3325 1066 3379 externa.
1088 3317 1168 3378 ibid.

120 3409 175 3494 56.
196 3411 229 3474 51
246 3431 362 3496 corpus
378 3413 525 3494 aliquod,
548 3429 595 3471 ex.
615 3429 664 3493 gr.
681 3429 797 3474 manus
815 3413 935 3484 nolim.
957 3417 1211 3496 quaquaversum
1278 3429 1281 3434 '

123 3517 126 3522 ’
203 3517 327 3604 aequali
342 3530 435 3576 motu
452 3513 578 3574 moveri
594 3509 768 3592 pollet,ita
784 3513 928 3574 utnullis
945 3509 1211 3596 corporibusullc
1248 3579 1254 3590 ,

207 3617 306 3679 modo
330 3615 460 3689 relillst;
492 3611 660 3675 neteliario
689 3613 724 3672 in
745 3613 802 3676 illo
831 3610 948 3698 [patin.
981 3637 1040 3698 per
1061 3623 1146 3702 quod
1172 3621 1213 3686 lic

117 3755 122 3761 ,
206 3726 406 3792 moveretur.
444 3729 494 3780 tot
524 3733 656 3799 corpore
681 3712 788 3777 verius
809 3735 912 3778 unam
936 3733 1077 3804 purtem.
1113 3719 1212 3804 quani

207 3820 315 3884 verius
337 3838 582 3904 quamcumque
601 3819 714 3889 aliam,
736 3819 860 3898 aequali
876 3821 958 3884 inter
974 3820 1021 3897 le,
1042 3837 1075 3886 et
1089 3825 1212 3908 aequali
1325 3835 1330 3874 ἰ

90 3927 96 3940 “
207 3943 281 3986 cum
300 3943 397 3988 menu
418 3923 453 3982 ri
470 3921 638 3984 celeritatis
654 3920 875 3983 movebuntur
908 3933 972 4002 82„
1029 3961 1032 3968 .

119 4037 175 4104 37.
199 4025 231 4088 Si
255 4045 368 4108 corpus
383 4021 532 4108 aliquod.
555 4038 631 4108 pute
648 4025 696 4097 Δ,
718 4041 921 4108 quacumque
938 4005 1033 4110 parva
1050 4027 1212 4091 vivarius

209 4145 446 4209 quamcumque
469 4139 594 4210 partem
623 4127 750 4188 murerl
784 4127 899 4212 potest,
934 4131 1012 4193 illud
1043 4131 1212 4194 necessario

209 4233 347 4314 cingitur
369 4253 386 4294 a
412 4231 610 4319 corporibus,
640 4247 721 4310 quse
746 4229 869 4310 aequali
896 4235 980 4298 inter
1002 4230 1033 4299 lu
1053 4233 1213 4312 celeritate

90 4410 96 4423 .
207 4348 387 4396 moventur.
411 4345 460 4416 84.
744 4430 767 4493 u

1102 4433 1213 4502 utus
